<record><leader>00000cas a22000007a 4500</leader><controlfield tag="001">13539417</controlfield><controlfield tag="008">860507d18uu1863pauwr ne      0    0eng d</controlfield><datafield ind1=" " ind2=" " tag="010"><subfield code="a">sn 86053348 </subfield></datafield><datafield ind1=" " ind2=" " tag="040"><subfield code="a">NPX</subfield><subfield code="b">eng</subfield><subfield code="c">NPX</subfield><subfield code="d">NPV</subfield><subfield code="d">NPH</subfield><subfield code="d">OCLCQ</subfield></datafield><datafield ind1=" " ind2=" " tag="042"><subfield code="a">msc</subfield></datafield><datafield ind1="0" ind2=" " tag="130"><subfield code="a">Weekly courier (Conneautville, Pa.)</subfield></datafield><datafield ind1="1" ind2="0" tag="245"><subfield code="a">Weekly courier.</subfield></datafield><datafield ind1=" " ind2=" " tag="260"><subfield code="a">Conneautville, Pa. :</subfield><subfield code="b">A.J. Mason</subfield></datafield><datafield ind1=" " ind2=" " tag="300"><subfield code="a">v. ;</subfield><subfield code="c">62 cm.</subfield></datafield><datafield ind1=" " ind2=" " tag="310"><subfield code="a">Weekly</subfield></datafield><datafield ind1="1" ind2=" " tag="362"><subfield code="a">Ceased in 1863?</subfield><subfield code="z">Cf. Rossell, G.E. Pa. newspapers.</subfield></datafield><datafield ind1=" " ind2=" " tag="588"><subfield code="a">Description based on: Vol. 15, no. 3 (Jan. 22, 1862).</subfield></datafield><datafield ind1=" " ind2=" " tag="752"><subfield code="a">United States</subfield><subfield code="b">Pennsylvania</subfield><subfield code="c">Crawford</subfield><subfield code="d">Conneautville.</subfield></datafield><datafield ind1="0" ind2="0" tag="780"><subfield code="t">Conneautville weekly courier</subfield><subfield code="w">(DLC)sn 88086100</subfield></datafield><datafield ind1="0" ind2="0" tag="785"><subfield code="t">Conneautville courier (Conneautville, Pa. : 1863)</subfield><subfield code="w">(DLC)sn 88079335</subfield></datafield></record>